@article{paper1,
  title={The power of deeper networks for expressing natural functions},
  author={Rolnick, David and Tegmark, Max},
  journal={arXiv preprint arXiv:1705.05502},
  year={2017}
}
@article{book1,
  title={Linear algebra and learning from data},
  author={Strang, Gilbert},
  year={2019},
  publisher={Wellesley-Cambridge Press Cambridge}
}

@article{paper1989_1,
  title={Approximation by superpositions of a sigmoidal function},
  author={Cybenko, George},
  journal={Mathematics of control, signals and systems},
  volume={2},
  number={4},
  pages={303--314},
  year={1989},
  publisher={Springer}
}

@article{paper1989_2,
  title={On the approximate realization of continuous mappings by neural networks},
  author={Funahashi, Ken-Ichi},
  journal={Neural networks},
  volume={2},
  number={3},
  pages={183--192},
  year={1989},
  publisher={Elsevier}
}

@article{paper1989_3,
  title={Multilayer feedforward networks are universal approximators},
  author={Hornik, Kurt and Stinchcombe, Maxwell and White, Halbert},
  journal={Neural networks},
  volume={2},
  number={5},
  pages={359--366},
  year={1989},
  publisher={Elsevier}
}

@article{paper1994,
  title={Approximation and estimation bounds for artificial neural networks},
  author={Barron, Andrew R},
  journal={Machine learning},
  volume={14},
  number={1},
  pages={115--133},
  year={1994},
  publisher={Springer}
}

@article{paper1999,
  title={Approximation theory of the MLP model},
  author={Pinkus, Allan},
  journal={Acta Numerica 1999: Volume 8},
  volume={8},
  pages={143--195},
  year={1999},
  publisher={Cambridge University Press}
}

@online{website1,
    author = "Michael Nielsen",
    title = "CHAPTER 4: A visual proof that neural nets can compute any function",
    url  = "http://neuralnetworksanddeeplearning.com/chap4.html"
}

@article{lin2017,
  title={Why does deep and cheap learning work so well?},
  author={Lin, Henry W and Tegmark, Max and Rolnick, David},
  journal={Journal of Statistical Physics},
  volume={168},
  number={6},
  pages={1223--1247},
  year={2017},
  publisher={Springer}
}